% This file was created with JabRef 2.10.
% Encoding: UTF8


@Electronic{2018_hceres,
  Title                    = {Cadre de classement},
  Author                   = {\French{Biblioth√®que nationale de France}},
  Url                      = {http://production-scientifique.bnf.fr/Annexe/cadre-de-classement},
  Year                     = {2018}
}

@Article{2010_nelson,
  Title                    = {Microrobots for Minimally Invasive Medicine},
  Author                   = {Nelson, Bradley J. and Kaliakatsos, Ioannis K. and Abbott, Jake J.},
  Journal                  = {Annual Rev. of Bio.med. Eng.},
  Year                     = {2010},
  Number                   = {1},
  Pages                    = {55-85},
  Volume                   = {12},

  Doi                      = {10.1146/annurev-bioeng-010510-103409}
}

